@article{若原俊彦2009,
  title={ゲームコミュニティシステムにおけるコミュニケーション支援方法の検討},
  author={若原俊彦 and 筑紫雄介 and 山元規靖},
  journal={電子情報通信学会技術研究報告; 信学技報},
  volume={109},
  number={39},
  pages={91--96},
  year={2009},
  publisher={電子情報通信学会}
}

@article{馬場哲治2005,
  title={ビデオゲーム技術の動向と展望 II ビデオゲームの制作プロセスと感性},
  author={馬場哲治},
  journal={画像電子学会誌},
  volume={34},
  number={2},
  pages={167--172},
  year={2005},
  publisher={一般社団法人 画像電子学会}
}

@article{三宅陽一郎2015,
  title={ディジタルゲームにおける人工知能技術の応用の現在 (< 特集> エンターテイメントにおける AI)},
  author={三宅陽一郎},
  journal={人工知能},
  volume={30},
  number={1},
  pages={45--64},
  year={2015},
  publisher={一般社団法人 人工知能学会}
}