@article{Fukuyasu2020,
  title={オンラインでのチームワーク能力向上の要因調査及びトレーニング方法の提案},
  author={常野一樹 and 田隅広紀},
  journal={第33回国際P2M学会春季研究発表大会},
  volume={},
  number={},
  pages={},
  year={2022},
  doi={}
}

@article{published_papers/16690353,
title = {スマートドラッグに対する大学生の認識に関する研究},
author = {山本緑 and 石井裕次},
journal = {医薬品情報学},
volume = {20},
number = {1},
pages = {41 - 46},
month = {},
volume = {},
year = {2018}
}

@article{Dentsu2019,
  title={eスポーツに関するポジティブ効果検証の試み:集中度と認知的スキルに着目して},
  author={萩原悟一 and 川原伊織里 and 木原沙織},
  journal={スポーツ産業学研究},
  volume={30},
  number={3},
  pages={239 - 246},
  year={2020},
  doi={}
}


@article{nii2016,
  title={地方創生},
  author={国立情報学研究所},
  journal={NII Today},
  volume={第74号},
  year={2019}
}

@article{飯塚修平2014,
  title={ウェブページ最適化問題の定式化と最適化手法の提案},
  author={飯塚修平 and 松尾豊},
  journal={人工知能学会論文誌},
  volume={29},
  number={5},
  pages={460--468},
  year={2014},
  publisher={一般社団法人 人工知能学会}
}